%% LaTeX2e file `.bib'
%% generated by the `filecontents' environment
%% from source `tesi' on 2018/09/12.
%%
 @book{Labov1972,
  Address = {Philadelphia},
  Author = {William Labov},
  Publisher = {University of Pennsylvania Press},
  Title = {Sociolinguistic Patterns},
  Year = {1972}}
 
 @book{Chomsky1957,
  Address = {The Hague},
  Author = {Noam Chomsky},
  Publisher = {Mouton},
  Title = {Syntactic Structures},
  Year = {1957}}
}
