@book{womak:lean-thinking,
    author  = {James P. Womack, Daniel T. Jones},
    title   = {Lean Thinking, Second Editon},
    publisher = {Simon \& Schuster, Inc.},
    year    = {2010}
}
@book{womak:lean-thinking,
    author  = {James P. Wmack, Daniel T. Jones},
    title   = {Lean Thinking, Second Editon},
    publisher = {Simon \& Schuster, Inc.},
    year    = {2010}
}

@online{site:agile-manifesto,
    title   = {Manifesto Agile},
    url     = {http://agilemanifesto.org/iso/it/}
}

@book{design-pattern,
	author  = {James P. Wmack, Daniel T. Jones},
	title   = {Design Pattern, 4th season},
	publisher = {Simon \& Schuster, Inc.},
	year    = {2014}
}